# -----------------------------------------------------------------
# References
# -----------------------------------------------------------------
#
# Notes:
#
# 1. Use \href for all the links, rather than url for the web links,
#    as it keeps the fonts in the final document the same
#    (url generates a true-type hyperlink)
#
# -----------------------------------------------------------------

# -----------------------------------------------------------------
# M
# -----------------------------------------------------------------

# PolarFire SoC
# -------------

# Document number: DS00004248
@misc{
	Microchip_PFSoC_DS_2025,
	author={Microchip},
	note={(\href{https://ww1.microchip.com/downloads/aemDocuments/documents/FPGA/ProductDocuments/DataSheets/PolarFire-SoC-Datasheet-DS00004248.pdf}
	      {pdf})},
	title={{PolarFire SoC Datasheet (Rev. D)}},
	month=jan,
	year={2025}
}

# Document number: DS60001676
@misc{
	Microchip_PFSoC_PU_2025,
	author={Microchip},
	note={(\href{https://ww1.microchip.com/downloads/aemDocuments/documents/FPGA/ProductDocuments/UserGuides/Microchip_PolarFire_FPGA_and_PolarFire_SoC_FPGA_Power_Up_and_Reset_User_Guide_VC.pdf}
	      {pdf})},
	title={{PolarFire Family Power-Up and Resets User Guide (Rev. J)}},
	month=jun,
	year={2025}
}

# Document number: DS60001727
@misc{
	Microchip_PFSoC_IO_2025,
	author={Microchip},
	note={(\href{https://ww1.microchip.com/downloads/aemDocuments/documents/FPGA/ProductDocuments/UserGuides/Microchip_PolarFire_FPGA_and_PolarFire_SoC_FPGA_User_IO_User_Guide_VC.pdf}
	      {pdf})},
	title={{PolarFire Family I/O User Guide (Rev. J)}},
	month=may,
	year={2025}
}

# Document number: DS60001702
@misc{
	Microchip_PFSoC_TRM_2025,
	author={Microchip},
	note={(\href{https://ww1.microchip.com/downloads/aemDocuments/documents/FPGA/ProductDocuments/ReferenceManuals/PolarFire_SoC_FPGA_MSS_Technical_Reference_Manual_VC.pdf}
	      {pdf})},
	title={{PolarFire SoC MSS Technical Reference Manual (Rev. Q)}},
	month=may,
	year={2025}
}

# Discovery Kit Documentation
# ---------------------------

# Document number: DS50003630E 
@misc{
	Microchip_DISCO_UG_2025,
	author={Microchip},
	note={(\href{https://ww1.microchip.com/downloads/aemDocuments/documents/FPGA/ProductDocuments/UserGuides/PolarFire_SoC_FPGA_Discovery_Kit_User_Guide.pdf}
	      {pdf})},
	title={{PolarFire SoC FPGA Discovery Kit User Guide (Rev. E)}},
	month=jul,
	year={2025}
}

# Document number: DS50003565J
@misc{
	Microchip_DISCO_QS_2024,
	author={Microchip},
	note={(\href{https://ww1.microchip.com/downloads/aemDocuments/documents/FPGA/ProductDocuments/ProductBrief/50003565_MPFS-Disco-Kit_QuickStart_Guide.pdf}
	      {pdf})},
	title={{PolarFire SoC Discovery Kit Quickstart Guide (Rev. J)}},
	month=oct,
	year={2024}
}

@misc{
	Microchip_DISCO_SCH_2023,
	author={Microchip},
	note={(\href{https://ww1.microchip.com/downloads/aemDocuments/documents/FPGA/ProductDocuments/ReferenceManuals/PolarFire_SoC_Discovery_Kit_Rev2_SCH_090423_01.pdf}
	      {pdf})},
	title={{PolarFire SoC FPGA Discovery Kit Schematics (Rev. 2.0)}},
	month=sep,
	year={2023}
}

@misc{
	Microchip_AN5282_2024,
	author={Microchip},
	note={(\href{https://ww1.microchip.com/downloads/aemDocuments/documents/FPGA/ApplicationNotes/ApplicationNotes/PolarFire_SoC_Design_Flow_AN5282.pdf}
	      {pdf})},
	title={{AN5282: PolarFire SoC Discovery Kit Design Flow (Rev. B)}},
	month=jul,
	year={2024}
}

@misc{
	Microchip_AC492_2020,
	author={Microchip},
	note={\newline(\href{https://www.microchip.com/en-us/application-notes/ac492}{web},
	    \href{https://ww1.microchip.com/downloads/aemDocuments/documents/FPGA/ApplicationNotes/ApplicationNotes/microchip_running_baremetal_user_applications_on_polarfire_soc_fpga_application_note_ac492_v2.pdf}{pdf})},
	title={{AC492: Running BareMetal User Applications on PolarFire SoC (Rev. 2)}},
	month=jul,
	year={2020}
}

# FIR filter demo
# ---------------

@misc{
	Microchip_AN5165_2024,
	author={Microchip},
	note={\newline(\href{https://www.microchip.com/en-us/application-notes/an5165}{web}, 
	       \href{https://ww1.microchip.com/downloads/aemDocuments/documents/FPGA/ApplicationNotes/ApplicationNotes/PolarFire_SoC_FPGA_DSP_FIR_Filter_AN5165.pdf}{pdf},
	       \href{https://ww1.microchip.com/downloads/aemDocuments/documents/FPGA/SOCDesignFiles/mpfs_an5165_v2024p1_df.zip}{zip})},
	title={{AN5165: PolarFire SoC Discovery Kit FIR Filter Demo (Rev. C)}},
	month=oct,
	year={2024}
}


# Microchip Parts
# ---------------

# Document number: DS20001906
@misc{
	Microchip_MCP121_2023,
	author={Microchip},
	note={\newline(\href{https://www.microchip.com/en-us/product/mcp121}{web}, 
	       \href{https://ww1.microchip.com/downloads/aemDocuments/documents/APID/ProductDocuments/DataSheets/MCP102-Data-Sheet-DS20001906.pdf}{pdf})},
	title={{MCP102/103/121/131: Micropower Voltage Supervisors (Rev. E)}},
	month=oct,
	year={2023}
}

@misc{
	Microchip_VSC8221_2006,
	author={Microchip},
	note={\newline(\href{https://www.microchip.com/en-us/product/vsc8221}{web}, 
	       \href{https://ww1.microchip.com/downloads/aemDocuments/documents/OTH/ProductDocuments/DataSheets/VMDS-10106.pdf}{pdf})},
	title={{VSC8221: VSC8221: Single Port 10/100/1000BASE-T PHY with1.25 Gbps SerDes for SFPs/GBICs (Rev. 4.1)}},
	month=dec,
	year={2006}
}





